%YAML 1.1
%TAG !u! tag:unity3d.com,2011:
--- !u!29 &1
OcclusionCullingSettings:
  m_ObjectHideFlags: 0
  serializedVersion: 2
  m_OcclusionBakeSettings:
    smallestOccluder: 5
    smallestHole: 0.25
    backfaceThreshold: 100
  m_SceneGUID: 00000000000000000000000000000000
  m_OcclusionCullingData: {fileID: 0}
--- !u!104 &2
RenderSettings:
  m_ObjectHideFlags: 0
  serializedVersion: 9
  m_Fog: 0
  m_FogColor: {r: 0.5, g: 0.5, b: 0.5, a: 1}
  m_FogMode: 3
  m_FogDensity: 0.01
  m_LinearFogStart: 0
  m_LinearFogEnd: 300
  m_AmbientSkyColor: {r: 0.212, g: 0.227, b: 0.259, a: 1}
  m_AmbientEquatorColor: {r: 0.114, g: 0.125, b: 0.133, a: 1}
  m_AmbientGroundColor: {r: 0.047, g: 0.043, b: 0.035, a: 1}
  m_AmbientIntensity: 1
  m_AmbientMode: 3
  m_SubtractiveShadowColor: {r: 0.42, g: 0.478, b: 0.627, a: 1}
  m_SkyboxMaterial: {fileID: 0}
  m_HaloStrength: 0.5
  m_FlareStrength: 1
  m_FlareFadeSpeed: 3
  m_HaloTexture: {fileID: 0}
  m_SpotCookie: {fileID: 10001, guid: 0000000000000000e000000000000000, type: 0}
  m_DefaultReflectionMode: 0
  m_DefaultReflectionResolution: 128
  m_ReflectionBounces: 1
  m_ReflectionIntensity: 1
  m_CustomReflection: {fileID: 0}
  m_Sun: {fileID: 0}
  m_IndirectSpecularColor: {r: 0, g: 0, b: 0, a: 1}
  m_UseRadianceAmbientProbe: 0
--- !u!157 &3
LightmapSettings:
  m_ObjectHideFlags: 0
  serializedVersion: 12
  m_GIWorkflowMode: 1
  m_GISettings:
    serializedVersion: 2
    m_BounceScale: 1
    m_IndirectOutputScale: 1
    m_AlbedoBoost: 1
    m_EnvironmentLightingMode: 0
    m_EnableBakedLightmaps: 0
    m_EnableRealtimeLightmaps: 0
  m_LightmapEditorSettings:
    serializedVersion: 12
    m_Resolution: 2
    m_BakeResolution: 40
    m_AtlasSize: 1024
    m_AO: 0
    m_AOMaxDistance: 1
    m_CompAOExponent: 1
    m_CompAOExponentDirect: 0
    m_ExtractAmbientOcclusion: 0
    m_Padding: 2
    m_LightmapParameters: {fileID: 0}
    m_LightmapsBakeMode: 1
    m_TextureCompression: 1
    m_FinalGather: 0
    m_FinalGatherFiltering: 1
    m_FinalGatherRayCount: 256
    m_ReflectionCompression: 2
    m_MixedBakeMode: 2
    m_BakeBackend: 1
    m_PVRSampling: 1
    m_PVRDirectSampleCount: 32
    m_PVRSampleCount: 512
    m_PVRBounces: 2
    m_PVREnvironmentSampleCount: 256
    m_PVREnvironmentReferencePointCount: 2048
    m_PVRFilteringMode: 1
    m_PVRDenoiserTypeDirect: 1
    m_PVRDenoiserTypeIndirect: 1
    m_PVRDenoiserTypeAO: 1
    m_PVRFilterTypeDirect: 0
    m_PVRFilterTypeIndirect: 0
    m_PVRFilterTypeAO: 0
    m_PVREnvironmentMIS: 1
    m_PVRCulling: 1
    m_PVRFilteringGaussRadiusDirect: 1
    m_PVRFilteringGaussRadiusIndirect: 5
    m_PVRFilteringGaussRadiusAO: 2
    m_PVRFilteringAtrousPositionSigmaDirect: 0.5
    m_PVRFilteringAtrousPositionSigmaIndirect: 2
    m_PVRFilteringAtrousPositionSigmaAO: 1
    m_ExportTrainingData: 0
    m_TrainingDataDestination: TrainingData
    m_LightProbeSampleCountMultiplier: 4
  m_LightingDataAsset: {fileID: 0}
  m_LightingSettings: {fileID: 0}
--- !u!196 &4
NavMeshSettings:
  serializedVersion: 2
  m_ObjectHideFlags: 0
  m_BuildSettings:
    serializedVersion: 2
    agentTypeID: 0
    agentRadius: 0.5
    agentHeight: 2
    agentSlope: 45
    agentClimb: 0.4
    ledgeDropHeight: 0
    maxJumpAcrossDistance: 0
    minRegionArea: 2
    manualCellSize: 0
    cellSize: 0.16666667
    manualTileSize: 0
    tileSize: 256
    accuratePlacement: 0
    maxJobWorkers: 0
    preserveTilesOutsideBounds: 0
    debug:
      m_Flags: 0
  m_NavMeshData: {fileID: 0}
--- !u!1 &3758851
GameObject:
  m_ObjectHideFlags: 0
  m_CorrespondingSourceObject: {fileID: 0}
  m_PrefabInstance: {fileID: 0}
  m_PrefabAsset: {fileID: 0}
  serializedVersion: 6
  m_Component:
  - component: {fileID: 3758854}
  - component: {fileID: 3758853}
  - component: {fileID: 3758852}
  m_Layer: 0
  m_Name: playerAction_0
  m_TagString: Untagged
  m_Icon: {fileID: 0}
  m_NavMeshLayer: 0
  m_StaticEditorFlags: 0
  m_IsActive: 1
--- !u!95 &3758852
Animator:
  serializedVersion: 3
  m_ObjectHideFlags: 0
  m_CorrespondingSourceObject: {fileID: 0}
  m_PrefabInstance: {fileID: 0}
  m_PrefabAsset: {fileID: 0}
  m_GameObject: {fileID: 3758851}
  m_Enabled: 1
  m_Avatar: {fileID: 0}
  m_Controller: {fileID: 9100000, guid: 04d9ae50b212ea64aa19534768e221f9, type: 2}
  m_CullingMode: 0
  m_UpdateMode: 0
  m_ApplyRootMotion: 0
  m_LinearVelocityBlending: 0
  m_WarningMessage: 
  m_HasTransformHierarchy: 1
  m_AllowConstantClipSamplingOptimization: 1
  m_KeepAnimatorControllerStateOnDisable: 0
--- !u!212 &3758853
SpriteRenderer:
  m_ObjectHideFlags: 0
  m_CorrespondingSourceObject: {fileID: 0}
  m_PrefabInstance: {fileID: 0}
  m_PrefabAsset: {fileID: 0}
  m_GameObject: {fileID: 3758851}
  m_Enabled: 1
  m_CastShadows: 0
  m_ReceiveShadows: 0
  m_DynamicOccludee: 1
  m_MotionVectors: 1
  m_LightProbeUsage: 1
  m_ReflectionProbeUsage: 1
  m_RayTracingMode: 0
  m_RayTraceProcedural: 0
  m_RenderingLayerMask: 1
  m_RendererPriority: 0
  m_Materials:
  - {fileID: 10754, guid: 0000000000000000f000000000000000, type: 0}
  m_StaticBatchInfo:
    firstSubMesh: 0
    subMeshCount: 0
  m_StaticBatchRoot: {fileID: 0}
  m_ProbeAnchor: {fileID: 0}
  m_LightProbeVolumeOverride: {fileID: 0}
  m_ScaleInLightmap: 1
  m_ReceiveGI: 1
  m_PreserveUVs: 0
  m_IgnoreNormalsForChartDetection: 0
  m_ImportantGI: 0
  m_StitchLightmapSeams: 1
  m_SelectedEditorRenderState: 0
  m_MinimumChartSize: 4
  m_AutoUVMaxDistance: 0.5
  m_AutoUVMaxAngle: 89
  m_LightmapParameters: {fileID: 0}
  m_SortingLayerID: 0
  m_SortingLayer: 0
  m_SortingOrder: 0
  m_Sprite: {fileID: 4714930183054727587, guid: b37f56307a3a6cf4cb4f4ebeaf4fa0b8, type: 3}
  m_Color: {r: 1, g: 1, b: 1, a: 1}
  m_FlipX: 0
  m_FlipY: 0
  m_DrawMode: 0
  m_Size: {x: 0.64, y: 1.01}
  m_AdaptiveModeThreshold: 0.5
  m_SpriteTileMode: 0
  m_WasSpriteAssigned: 1
  m_MaskInteraction: 0
  m_SpriteSortPoint: 0
--- !u!4 &3758854
Transform:
  m_ObjectHideFlags: 0
  m_CorrespondingSourceObject: {fileID: 0}
  m_PrefabInstance: {fileID: 0}
  m_PrefabAsset: {fileID: 0}
  m_GameObject: {fileID: 3758851}
  m_LocalRotation: {x: 0, y: 0, z: 0, w: 1}
  m_LocalPosition: {x: 0, y: 0, z: 0}
  m_LocalScale: {x: 1, y: 1, z: 1}
  m_Children: []
  m_Father: {fileID: 0}
  m_RootOrder: 6
  m_LocalEulerAnglesHint: {x: 0, y: 0, z: 0}
--- !u!1 &40362230
GameObject:
  m_ObjectHideFlags: 0
  m_CorrespondingSourceObject: {fileID: 0}
  m_PrefabInstance: {fileID: 0}
  m_PrefabAsset: {fileID: 0}
  serializedVersion: 6
  m_Component:
  - component: {fileID: 40362233}
  - component: {fileID: 40362232}
  - component: {fileID: 40362231}
  m_Layer: 0
  m_Name: EventSystem
  m_TagString: Untagged
  m_Icon: {fileID: 0}
  m_NavMeshLayer: 0
  m_StaticEditorFlags: 0
  m_IsActive: 1
--- !u!114 &40362231
MonoBehaviour:
  m_ObjectHideFlags: 0
  m_CorrespondingSourceObject: {fileID: 0}
  m_PrefabInstance: {fileID: 0}
  m_PrefabAsset: {fileID: 0}
  m_GameObject: {fileID: 40362230}
  m_Enabled: 1
  m_EditorHideFlags: 0
  m_Script: {fileID: 11500000, guid: 4f231c4fb786f3946a6b90b886c48677, type: 3}
  m_Name: 
  m_EditorClassIdentifier: 
  m_HorizontalAxis: Horizontal
  m_VerticalAxis: Vertical
  m_SubmitButton: Submit
  m_CancelButton: Cancel
  m_InputActionsPerSecond: 10
  m_RepeatDelay: 0.5
  m_ForceModuleActive: 0
--- !u!114 &40362232
MonoBehaviour:
  m_ObjectHideFlags: 0
  m_CorrespondingSourceObject: {fileID: 0}
  m_PrefabInstance: {fileID: 0}
  m_PrefabAsset: {fileID: 0}
  m_GameObject: {fileID: 40362230}
  m_Enabled: 1
  m_EditorHideFlags: 0
  m_Script: {fileID: 11500000, guid: 76c392e42b5098c458856cdf6ecaaaa1, type: 3}
  m_Name: 
  m_EditorClassIdentifier: 
  m_FirstSelected: {fileID: 0}
  m_sendNavigationEvents: 1
  m_DragThreshold: 10
--- !u!4 &40362233
Transform:
  m_ObjectHideFlags: 0
  m_CorrespondingSourceObject: {fileID: 0}
  m_PrefabInstance: {fileID: 0}
  m_PrefabAsset: {fileID: 0}
  m_GameObject: {fileID: 40362230}
  m_LocalRotation: {x: 0, y: 0, z: 0, w: 1}
  m_LocalPosition: {x: 0, y: 0, z: 0}
  m_LocalScale: {x: 1, y: 1, z: 1}
  m_Children: []
  m_Father: {fileID: 0}
  m_RootOrder: 5
  m_LocalEulerAnglesHint: {x: 0, y: 0, z: 0}
--- !u!114 &44691994 stripped
MonoBehaviour:
  m_CorrespondingSourceObject: {fileID: 1989248511383466340, guid: 40a8261b76d1f2f4c885e8b785eee935, type: 3}
  m_PrefabInstance: {fileID: 1997733146}
  m_PrefabAsset: {fileID: 0}
  m_GameObject: {fileID: 0}
  m_Enabled: 1
  m_EditorHideFlags: 0
  m_Script: {fileID: 11500000, guid: 5f7201a12d95ffc409449d95f23cf332, type: 3}
  m_Name: 
  m_EditorClassIdentifier: 
--- !u!1001 &105176093
PrefabInstance:
  m_ObjectHideFlags: 0
  serializedVersion: 2
  m_Modification:
    m_TransformParent: {fileID: 0}
    m_Modifications:
    - target: {fileID: 7281208240344655516, guid: 6c1c80055a645674ebfdd806c3ddf417, type: 3}
      propertyPath: m_RootOrder
      value: 9
      objectReference: {fileID: 0}
    - target: {fileID: 7281208240344655516, guid: 6c1c80055a645674ebfdd806c3ddf417, type: 3}
      propertyPath: m_LocalScale.x
      value: 386.73715
      objectReference: {fileID: 0}
    - target: {fileID: 7281208240344655516, guid: 6c1c80055a645674ebfdd806c3ddf417, type: 3}
      propertyPath: m_LocalScale.y
      value: 88.97176
      objectReference: {fileID: 0}
    - target: {fileID: 7281208240344655516, guid: 6c1c80055a645674ebfdd806c3ddf417, type: 3}
      propertyPath: m_LocalPosition.x
      value: 430.5
      objectReference: {fileID: 0}
    - target: {fileID: 7281208240344655516, guid: 6c1c80055a645674ebfdd806c3ddf417, type: 3}
      propertyPath: m_LocalPosition.y
      value: 22.8
      objectReference: {fileID: 0}
    - target: {fileID: 7281208240344655516, guid: 6c1c80055a645674ebfdd806c3ddf417, type: 3}
      propertyPath: m_LocalPosition.z
      value: 0
      objectReference: {fileID: 0}
    - target: {fileID: 7281208240344655516, guid: 6c1c80055a645674ebfdd806c3ddf417, type: 3}
      propertyPath: m_LocalRotation.w
      value: 1
      objectReference: {fileID: 0}
    - target: {fileID: 7281208240344655516, guid: 6c1c80055a645674ebfdd806c3ddf417, type: 3}
      propertyPath: m_LocalRotation.x
      value: 0
      objectReference: {fileID: 0}
    - target: {fileID: 7281208240344655516, guid: 6c1c80055a645674ebfdd806c3ddf417, type: 3}
      propertyPath: m_LocalRotation.y
      value: 0
      objectReference: {fileID: 0}
    - target: {fileID: 7281208240344655516, guid: 6c1c80055a645674ebfdd806c3ddf417, type: 3}
      propertyPath: m_LocalRotation.z
      value: 0
      objectReference: {fileID: 0}
    - target: {fileID: 7281208240344655516, guid: 6c1c80055a645674ebfdd806c3ddf417, type: 3}
      propertyPath: m_LocalEulerAnglesHint.x
      value: 0
      objectReference: {fileID: 0}
    - target: {fileID: 7281208240344655516, guid: 6c1c80055a645674ebfdd806c3ddf417, type: 3}
      propertyPath: m_LocalEulerAnglesHint.y
      value: 0
      objectReference: {fileID: 0}
    - target: {fileID: 7281208240344655516, guid: 6c1c80055a645674ebfdd806c3ddf417, type: 3}
      propertyPath: m_LocalEulerAnglesHint.z
      value: 0
      objectReference: {fileID: 0}
    - target: {fileID: 7281208240344655517, guid: 6c1c80055a645674ebfdd806c3ddf417, type: 3}
      propertyPath: m_Color.b
      value: 0.08957815
      objectReference: {fileID: 0}
    - target: {fileID: 7281208240344655517, guid: 6c1c80055a645674ebfdd806c3ddf417, type: 3}
      propertyPath: m_Color.g
      value: 0.10061905
      objectReference: {fileID: 0}
    - target: {fileID: 7281208240344655517, guid: 6c1c80055a645674ebfdd806c3ddf417, type: 3}
      propertyPath: m_Color.r
      value: 0.103773594
      objectReference: {fileID: 0}
    - target: {fileID: 7281208240344655518, guid: 6c1c80055a645674ebfdd806c3ddf417, type: 3}
      propertyPath: m_Name
      value: Ground (1)
      objectReference: {fileID: 0}
    m_RemovedComponents: []
  m_SourcePrefab: {fileID: 100100000, guid: 6c1c80055a645674ebfdd806c3ddf417, type: 3}
--- !u!1001 &134051871
PrefabInstance:
  m_ObjectHideFlags: 0
  serializedVersion: 2
  m_Modification:
    m_TransformParent: {fileID: 0}
    m_Modifications:
    - target: {fileID: 7281208240344655516, guid: 6c1c80055a645674ebfdd806c3ddf417, type: 3}
      propertyPath: m_RootOrder
      value: 10
      objectReference: {fileID: 0}
    - target: {fileID: 7281208240344655516, guid: 6c1c80055a645674ebfdd806c3ddf417, type: 3}
      propertyPath: m_LocalScale.x
      value: 219.41289
      objectReference: {fileID: 0}
    - target: {fileID: 7281208240344655516, guid: 6c1c80055a645674ebfdd806c3ddf417, type: 3}
      propertyPath: m_LocalScale.y
      value: 364.03687
      objectReference: {fileID: 0}
    - target: {fileID: 7281208240344655516, guid: 6c1c80055a645674ebfdd806c3ddf417, type: 3}
      propertyPath: m_LocalPosition.x
      value: -353.2
      objectReference: {fileID: 0}
    - target: {fileID: 7281208240344655516, guid: 6c1c80055a645674ebfdd806c3ddf417, type: 3}
      propertyPath: m_LocalPosition.y
      value: 158.4839
      objectReference: {fileID: 0}
    - target: {fileID: 7281208240344655516, guid: 6c1c80055a645674ebfdd806c3ddf417, type: 3}
      propertyPath: m_LocalPosition.z
      value: 0
      objectReference: {fileID: 0}
    - target: {fileID: 7281208240344655516, guid: 6c1c80055a645674ebfdd806c3ddf417, type: 3}
      propertyPath: m_LocalRotation.w
      value: 1
      objectReference: {fileID: 0}
    - target: {fileID: 7281208240344655516, guid: 6c1c80055a645674ebfdd806c3ddf417, type: 3}
      propertyPath: m_LocalRotation.x
      value: 0
      objectReference: {fileID: 0}
    - target: {fileID: 7281208240344655516, guid: 6c1c80055a645674ebfdd806c3ddf417, type: 3}
      propertyPath: m_LocalRotation.y
      value: 0
      objectReference: {fileID: 0}
    - target: {fileID: 7281208240344655516, guid: 6c1c80055a645674ebfdd806c3ddf417, type: 3}
      propertyPath: m_LocalRotation.z
      value: 0
      objectReference: {fileID: 0}
    - target: {fileID: 7281208240344655516, guid: 6c1c80055a645674ebfdd806c3ddf417, type: 3}
      propertyPath: m_LocalEulerAnglesHint.x
      value: 0
      objectReference: {fileID: 0}
    - target: {fileID: 7281208240344655516, guid: 6c1c80055a645674ebfdd806c3ddf417, type: 3}
      propertyPath: m_LocalEulerAnglesHint.y
      value: 0
      objectReference: {fileID: 0}
    - target: {fileID: 7281208240344655516, guid: 6c1c80055a645674ebfdd806c3ddf417, type: 3}
      propertyPath: m_LocalEulerAnglesHint.z
      value: 0
      objectReference: {fileID: 0}
    - target: {fileID: 7281208240344655517, guid: 6c1c80055a645674ebfdd806c3ddf417, type: 3}
      propertyPath: m_Color.b
      value: 0.04338732
      objectReference: {fileID: 0}
    - target: {fileID: 7281208240344655517, guid: 6c1c80055a645674ebfdd806c3ddf417, type: 3}
      propertyPath: m_Color.g
      value: 0.046329252
      objectReference: {fileID: 0}
    - target: {fileID: 7281208240344655517, guid: 6c1c80055a645674ebfdd806c3ddf417, type: 3}
      propertyPath: m_Color.r
      value: 0.047169805
      objectReference: {fileID: 0}
    - target: {fileID: 7281208240344655518, guid: 6c1c80055a645674ebfdd806c3ddf417, type: 3}
      propertyPath: m_Name
      value: Ground (2)
      objectReference: {fileID: 0}
    m_RemovedComponents: []
  m_SourcePrefab: {fileID: 100100000, guid: 6c1c80055a645674ebfdd806c3ddf417, type: 3}
--- !u!1001 &157380754
PrefabInstance:
  m_ObjectHideFlags: 0
  serializedVersion: 2
  m_Modification:
    m_TransformParent: {fileID: 0}
    m_Modifications:
    - target: {fileID: 7281208240344655516, guid: e3918d129d239a4429a1773edaf2d029, type: 3}
      propertyPath: m_RootOrder
      value: 4
      objectReference: {fileID: 0}
    - target: {fileID: 7281208240344655516, guid: e3918d129d239a4429a1773edaf2d029, type: 3}
      propertyPath: m_LocalScale.x
      value: 124.3
      objectReference: {fileID: 0}
    - target: {fileID: 7281208240344655516, guid: e3918d129d239a4429a1773edaf2d029, type: 3}
      propertyPath: m_LocalScale.y
      value: -10.4
      objectReference: {fileID: 0}
    - target: {fileID: 7281208240344655516, guid: e3918d129d239a4429a1773edaf2d029, type: 3}
      propertyPath: m_LocalPosition.x
      value: 136.3
      objectReference: {fileID: 0}
    - target: {fileID: 7281208240344655516, guid: e3918d129d239a4429a1773edaf2d029, type: 3}
      propertyPath: m_LocalPosition.y
      value: 85.5
      objectReference: {fileID: 0}
    - target: {fileID: 7281208240344655516, guid: e3918d129d239a4429a1773edaf2d029, type: 3}
      propertyPath: m_LocalPosition.z
      value: 0
      objectReference: {fileID: 0}
    - target: {fileID: 7281208240344655516, guid: e3918d129d239a4429a1773edaf2d029, type: 3}
      propertyPath: m_LocalRotation.w
      value: 1
      objectReference: {fileID: 0}
    - target: {fileID: 7281208240344655516, guid: e3918d129d239a4429a1773edaf2d029, type: 3}
      propertyPath: m_LocalRotation.x
      value: 0
      objectReference: {fileID: 0}
    - target: {fileID: 7281208240344655516, guid: e3918d129d239a4429a1773edaf2d029, type: 3}
      propertyPath: m_LocalRotation.y
      value: 0
      objectReference: {fileID: 0}
    - target: {fileID: 7281208240344655516, guid: e3918d129d239a4429a1773edaf2d029, type: 3}
      propertyPath: m_LocalRotation.z
      value: 0
      objectReference: {fileID: 0}
    - target: {fileID: 7281208240344655516, guid: e3918d129d239a4429a1773edaf2d029, type: 3}
      propertyPath: m_LocalEulerAnglesHint.x
      value: 0
      objectReference: {fileID: 0}
    - target: {fileID: 7281208240344655516, guid: e3918d129d239a4429a1773edaf2d029, type: 3}
      propertyPath: m_LocalEulerAnglesHint.y
      value: 0
      objectReference: {fileID: 0}
    - target: {fileID: 7281208240344655516, guid: e3918d129d239a4429a1773edaf2d029, type: 3}
      propertyPath: m_LocalEulerAnglesHint.z
      value: 0
      objectReference: {fileID: 0}
    - target: {fileID: 7281208240344655517, guid: e3918d129d239a4429a1773edaf2d029, type: 3}
      propertyPath: m_Color.b
      value: 0.22160001
      objectReference: {fileID: 0}
    - target: {fileID: 7281208240344655517, guid: e3918d129d239a4429a1773edaf2d029, type: 3}
      propertyPath: m_Color.g
      value: 0.24809566
      objectReference: {fileID: 0}
    - target: {fileID: 7281208240344655517, guid: e3918d129d239a4429a1773edaf2d029, type: 3}
      propertyPath: m_Color.r
      value: 0.277
      objectReference: {fileID: 0}
    - target: {fileID: 7281208240344655518, guid: e3918d129d239a4429a1773edaf2d029, type: 3}
      propertyPath: m_Name
      value: EarthGround (2)
      objectReference: {fileID: 0}
    - target: {fileID: 7281208240344655518, guid: e3918d129d239a4429a1773edaf2d029, type: 3}
      propertyPath: m_TagString
      value: Earth
      objectReference: {fileID: 0}
    m_RemovedComponents: []
  m_SourcePrefab: {fileID: 100100000, guid: e3918d129d239a4429a1773edaf2d029, type: 3}
--- !u!114 &268675936 stripped
MonoBehaviour:
  m_CorrespondingSourceObject: {fileID: 1989248511856115932, guid: 40a8261b76d1f2f4c885e8b785eee935, type: 3}
  m_PrefabInstance: {fileID: 1997733146}
  m_PrefabAsset: {fileID: 0}
  m_GameObject: {fileID: 0}
  m_Enabled: 1
  m_EditorHideFlags: 0
  m_Script: {fileID: 11500000, guid: fe87c0e1cc204ed48ad3b37840f39efc, type: 3}
  m_Name: 
  m_EditorClassIdentifier: 
--- !u!4 &432638246 stripped
Transform:
  m_CorrespondingSourceObject: {fileID: 7350438821189326632, guid: 099b6cf521b46ff4aa08453fa84f4eef, type: 3}
  m_PrefabInstance: {fileID: 1007429898}
  m_PrefabAsset: {fileID: 0}
--- !u!1001 &667861709
PrefabInstance:
  m_ObjectHideFlags: 0
  serializedVersion: 2
  m_Modification:
    m_TransformParent: {fileID: 0}
    m_Modifications:
    - target: {fileID: 7281208240344655516, guid: 6c1c80055a645674ebfdd806c3ddf417, type: 3}
      propertyPath: m_RootOrder
      value: 3
      objectReference: {fileID: 0}
    - target: {fileID: 7281208240344655516, guid: 6c1c80055a645674ebfdd806c3ddf417, type: 3}
      propertyPath: m_LocalScale.x
      value: 320.89136
      objectReference: {fileID: 0}
    - target: {fileID: 7281208240344655516, guid: 6c1c80055a645674ebfdd806c3ddf417, type: 3}
      propertyPath: m_LocalScale.y
      value: 88.97176
      objectReference: {fileID: 0}
    - target: {fileID: 7281208240344655516, guid: 6c1c80055a645674ebfdd806c3ddf417, type: 3}
      propertyPath: m_LocalPosition.x
      value: -86.3
      objectReference: {fileID: 0}
    - target: {fileID: 7281208240344655516, guid: 6c1c80055a645674ebfdd806c3ddf417, type: 3}
      propertyPath: m_LocalPosition.y
      value: 20.9524
      objectReference: {fileID: 0}
    - target: {fileID: 7281208240344655516, guid: 6c1c80055a645674ebfdd806c3ddf417, type: 3}
      propertyPath: m_LocalPosition.z
      value: 0
      objectReference: {fileID: 0}
    - target: {fileID: 7281208240344655516, guid: 6c1c80055a645674ebfdd806c3ddf417, type: 3}
      propertyPath: m_LocalRotation.w
      value: 1
      objectReference: {fileID: 0}
    - target: {fileID: 7281208240344655516, guid: 6c1c80055a645674ebfdd806c3ddf417, type: 3}
      propertyPath: m_LocalRotation.x
      value: 0
      objectReference: {fileID: 0}
    - target: {fileID: 7281208240344655516, guid: 6c1c80055a645674ebfdd806c3ddf417, type: 3}
      propertyPath: m_LocalRotation.y
      value: 0
      objectReference: {fileID: 0}
    - target: {fileID: 7281208240344655516, guid: 6c1c80055a645674ebfdd806c3ddf417, type: 3}
      propertyPath: m_LocalRotation.z
      value: 0
      objectReference: {fileID: 0}
    - target: {fileID: 7281208240344655516, guid: 6c1c80055a645674ebfdd806c3ddf417, type: 3}
      propertyPath: m_LocalEulerAnglesHint.x
      value: 0
      objectReference: {fileID: 0}
    - target: {fileID: 7281208240344655516, guid: 6c1c80055a645674ebfdd806c3ddf417, type: 3}
      propertyPath: m_LocalEulerAnglesHint.y
      value: 0
      objectReference: {fileID: 0}
    - target: {fileID: 7281208240344655516, guid: 6c1c80055a645674ebfdd806c3ddf417, type: 3}
      propertyPath: m_LocalEulerAnglesHint.z
      value: 0
      objectReference: {fileID: 0}
    - target: {fileID: 7281208240344655517, guid: 6c1c80055a645674ebfdd806c3ddf417, type: 3}
      propertyPath: m_Color.b
      value: 0
      objectReference: {fileID: 0}
    - target: {fileID: 7281208240344655517, guid: 6c1c80055a645674ebfdd806c3ddf417, type: 3}
      propertyPath: m_Color.g
      value: 0
      objectReference: {fileID: 0}
    - target: {fileID: 7281208240344655517, guid: 6c1c80055a645674ebfdd806c3ddf417, type: 3}
      propertyPath: m_Color.r
      value: 0
      objectReference: {fileID: 0}
    - target: {fileID: 7281208240344655518, guid: 6c1c80055a645674ebfdd806c3ddf417, type: 3}
      propertyPath: m_Name
      value: Ground
      objectReference: {fileID: 0}
    m_RemovedComponents: []
  m_SourcePrefab: {fileID: 100100000, guid: 6c1c80055a645674ebfdd806c3ddf417, type: 3}
--- !u!114 &773260084 stripped
MonoBehaviour:
  m_CorrespondingSourceObject: {fileID: 1989248510748127961, guid: 40a8261b76d1f2f4c885e8b785eee935, type: 3}
  m_PrefabInstance: {fileID: 1997733146}
  m_PrefabAsset: {fileID: 0}
  m_GameObject: {fileID: 0}
  m_Enabled: 1
  m_EditorHideFlags: 0
  m_Script: {fileID: 11500000, guid: fe87c0e1cc204ed48ad3b37840f39efc, type: 3}
  m_Name: 
  m_EditorClassIdentifier: 
--- !u!1 &805696877
GameObject:
  m_ObjectHideFlags: 0
  m_CorrespondingSourceObject: {fileID: 0}
  m_PrefabInstance: {fileID: 0}
  m_PrefabAsset: {fileID: 0}
  serializedVersion: 6
  m_Component:
  - component: {fileID: 805696880}
  - component: {fileID: 805696879}
  - component: {fileID: 805696878}
  - component: {fileID: 805696881}
  m_Layer: 0
  m_Name: Main Camera
  m_TagString: MainCamera
  m_Icon: {fileID: 0}
  m_NavMeshLayer: 0
  m_StaticEditorFlags: 0
  m_IsActive: 1
--- !u!81 &805696878
AudioListener:
  m_ObjectHideFlags: 0
  m_CorrespondingSourceObject: {fileID: 0}
  m_PrefabInstance: {fileID: 0}
  m_PrefabAsset: {fileID: 0}
  m_GameObject: {fileID: 805696877}
  m_Enabled: 1
--- !u!20 &805696879
Camera:
  m_ObjectHideFlags: 0
  m_CorrespondingSourceObject: {fileID: 0}
  m_PrefabInstance: {fileID: 0}
  m_PrefabAsset: {fileID: 0}
  m_GameObject: {fileID: 805696877}
  m_Enabled: 1
  serializedVersion: 2
  m_ClearFlags: 1
  m_BackGroundColor: {r: 0.7924528, g: 0.7139551, b: 0.7139551, a: 0}
  m_projectionMatrixMode: 1
  m_GateFitMode: 2
  m_FOVAxisMode: 0
  m_SensorSize: {x: 36, y: 24}
  m_LensShift: {x: 0, y: 0}
  m_FocalLength: 50
  m_NormalizedViewPortRect:
    serializedVersion: 2
    x: 0
    y: 0
    width: 1
    height: 1
  near clip plane: 0.3
  far clip plane: 1000
  field of view: 60
  orthographic: 1
  orthographic size: 120
  m_Depth: 0.88
  m_CullingMask:
    serializedVersion: 2
    m_Bits: 4294967295
  m_RenderingPath: -1
  m_TargetTexture: {fileID: 0}
  m_TargetDisplay: 0
  m_TargetEye: 3
  m_HDR: 1
  m_AllowMSAA: 1
  m_AllowDynamicResolution: 0
  m_ForceIntoRT: 0
  m_OcclusionCulling: 1
  m_StereoConvergence: 10
  m_StereoSeparation: 0.022
--- !u!4 &805696880
Transform:
  m_ObjectHideFlags: 0
  m_CorrespondingSourceObject: {fileID: 0}
  m_PrefabInstance: {fileID: 0}
  m_PrefabAsset: {fileID: 0}
  m_GameObject: {fileID: 805696877}
  m_LocalRotation: {x: 0, y: 0, z: 0, w: 1}
  m_LocalPosition: {x: -64, y: 107.5, z: -10}
  m_LocalScale: {x: 9.2517, y: 13.8316, z: 1}
  m_Children:
  - {fileID: 1479605457}
  - {fileID: 1062137218}
  m_Father: {fileID: 0}
  m_RootOrder: 1
  m_LocalEulerAnglesHint: {x: 0, y: 0, z: 0}
--- !u!114 &805696881
MonoBehaviour:
  m_ObjectHideFlags: 0
  m_CorrespondingSourceObject: {fileID: 0}
  m_PrefabInstance: {fileID: 0}
  m_PrefabAsset: {fileID: 0}
  m_GameObject: {fileID: 805696877}
  m_Enabled: 1
  m_EditorHideFlags: 0
  m_Script: {fileID: 11500000, guid: 72ece51f2901e7445ab60da3685d6b5f, type: 3}
  m_Name: 
  m_EditorClassIdentifier: 
  m_ShowDebugText: 0
  m_ShowCameraFrustum: 1
  m_IgnoreTimeScale: 0
  m_WorldUpOverride: {fileID: 0}
  m_UpdateMethod: 2
  m_BlendUpdateMethod: 1
  m_DefaultBlend:
    m_Style: 1
    m_Time: 2
    m_CustomCurve:
      serializedVersion: 2
      m_Curve: []
      m_PreInfinity: 2
      m_PostInfinity: 2
      m_RotationOrder: 4
  m_CustomBlends: {fileID: 0}
  m_CameraCutEvent:
    m_PersistentCalls:
      m_Calls: []
  m_CameraActivatedEvent:
    m_PersistentCalls:
      m_Calls: []
--- !u!1 &954980879
GameObject:
  m_ObjectHideFlags: 0
  m_CorrespondingSourceObject: {fileID: 0}
  m_PrefabInstance: {fileID: 0}
  m_PrefabAsset: {fileID: 0}
  serializedVersion: 6
  m_Component:
  - component: {fileID: 954980882}
  - component: {fileID: 954980881}
  - component: {fileID: 954980880}
  m_Layer: 0
  m_Name: playerWalk_0
  m_TagString: Untagged
  m_Icon: {fileID: 0}
  m_NavMeshLayer: 0
  m_StaticEditorFlags: 0
  m_IsActive: 1
--- !u!95 &954980880
Animator:
  serializedVersion: 3
  m_ObjectHideFlags: 0
  m_CorrespondingSourceObject: {fileID: 0}
  m_PrefabInstance: {fileID: 0}
  m_PrefabAsset: {fileID: 0}
  m_GameObject: {fileID: 954980879}
  m_Enabled: 1
  m_Avatar: {fileID: 0}
  m_Controller: {fileID: 9100000, guid: 1b0e7c055099b54499213756b2571b5c, type: 2}
  m_CullingMode: 0
  m_UpdateMode: 0
  m_ApplyRootMotion: 0
  m_LinearVelocityBlending: 0
  m_WarningMessage: 
  m_HasTransformHierarchy: 1
  m_AllowConstantClipSamplingOptimization: 1
  m_KeepAnimatorControllerStateOnDisable: 0
--- !u!212 &954980881
SpriteRenderer:
  m_ObjectHideFlags: 0
  m_CorrespondingSourceObject: {fileID: 0}
  m_PrefabInstance: {fileID: 0}
  m_PrefabAsset: {fileID: 0}
  m_GameObject: {fileID: 954980879}
  m_Enabled: 1
  m_CastShadows: 0
  m_ReceiveShadows: 0
  m_DynamicOccludee: 1
  m_MotionVectors: 1
  m_LightProbeUsage: 1
  m_ReflectionProbeUsage: 1
  m_RayTracingMode: 0
  m_RayTraceProcedural: 0
  m_RenderingLayerMask: 1
  m_RendererPriority: 0
  m_Materials:
  - {fileID: 10754, guid: 0000000000000000f000000000000000, type: 0}
  m_StaticBatchInfo:
    firstSubMesh: 0
    subMeshCount: 0
  m_StaticBatchRoot: {fileID: 0}
  m_ProbeAnchor: {fileID: 0}
  m_LightProbeVolumeOverride: {fileID: 0}
  m_ScaleInLightmap: 1
  m_ReceiveGI: 1
  m_PreserveUVs: 0
  m_IgnoreNormalsForChartDetection: 0
  m_ImportantGI: 0
  m_StitchLightmapSeams: 1
  m_SelectedEditorRenderState: 0
  m_MinimumChartSize: 4
  m_AutoUVMaxDistance: 0.5
  m_AutoUVMaxAngle: 89
  m_LightmapParameters: {fileID: 0}
  m_SortingLayerID: 0
  m_SortingLayer: 0
  m_SortingOrder: 0
  m_Sprite: {fileID: -5543024230294794112, guid: dc9dcb850f2372a4c9324f64036a4d10, type: 3}
  m_Color: {r: 1, g: 1, b: 1, a: 1}
  m_FlipX: 0
  m_FlipY: 0
  m_DrawMode: 0
  m_Size: {x: 0.44, y: 1.01}
  m_AdaptiveModeThreshold: 0.5
  m_SpriteTileMode: 0
  m_WasSpriteAssigned: 1
  m_MaskInteraction: 0
  m_SpriteSortPoint: 0
--- !u!4 &954980882
Transform:
  m_ObjectHideFlags: 0
  m_CorrespondingSourceObject: {fileID: 0}
  m_PrefabInstance: {fileID: 0}
  m_PrefabAsset: {fileID: 0}
  m_GameObject: {fileID: 954980879}
  m_LocalRotation: {x: 0, y: 0, z: 0, w: 1}
  m_LocalPosition: {x: 0, y: 0, z: 0}
  m_LocalScale: {x: 1, y: 1, z: 1}
  m_Children: []
  m_Father: {fileID: 0}
  m_RootOrder: 7
  m_LocalEulerAnglesHint: {x: 0, y: 0, z: 0}
--- !u!1001 &1007429898
PrefabInstance:
  m_ObjectHideFlags: 0
  serializedVersion: 2
  m_Modification:
    m_TransformParent: {fileID: 0}
    m_Modifications:
    - target: {fileID: 7350438821189326632, guid: 099b6cf521b46ff4aa08453fa84f4eef, type: 3}
      propertyPath: m_RootOrder
      value: 12
      objectReference: {fileID: 0}
    - target: {fileID: 7350438821189326632, guid: 099b6cf521b46ff4aa08453fa84f4eef, type: 3}
      propertyPath: m_LocalPosition.x
      value: -64
      objectReference: {fileID: 0}
    - target: {fileID: 7350438821189326632, guid: 099b6cf521b46ff4aa08453fa84f4eef, type: 3}
      propertyPath: m_LocalPosition.y
      value: 67.5
      objectReference: {fileID: 0}
    - target: {fileID: 7350438821189326632, guid: 099b6cf521b46ff4aa08453fa84f4eef, type: 3}
      propertyPath: m_LocalPosition.z
      value: 0
      objectReference: {fileID: 0}
    - target: {fileID: 7350438821189326632, guid: 099b6cf521b46ff4aa08453fa84f4eef, type: 3}
      propertyPath: m_LocalRotation.w
      value: 1
      objectReference: {fileID: 0}
    - target: {fileID: 7350438821189326632, guid: 099b6cf521b46ff4aa08453fa84f4eef, type: 3}
      propertyPath: m_LocalRotation.x
      value: 0
      objectReference: {fileID: 0}
    - target: {fileID: 7350438821189326632, guid: 099b6cf521b46ff4aa08453fa84f4eef, type: 3}
      propertyPath: m_LocalRotation.y
      value: 0
      objectReference: {fileID: 0}
    - target: {fileID: 7350438821189326632, guid: 099b6cf521b46ff4aa08453fa84f4eef, type: 3}
      propertyPath: m_LocalRotation.z
      value: 0
      objectReference: {fileID: 0}
    - target: {fileID: 7350438821189326632, guid: 099b6cf521b46ff4aa08453fa84f4eef, type: 3}
      propertyPath: m_LocalEulerAnglesHint.x
      value: 0
      objectReference: {fileID: 0}
    - target: {fileID: 7350438821189326632, guid: 099b6cf521b46ff4aa08453fa84f4eef, type: 3}
      propertyPath: m_LocalEulerAnglesHint.y
      value: 0
      objectReference: {fileID: 0}
    - target: {fileID: 7350438821189326632, guid: 099b6cf521b46ff4aa08453fa84f4eef, type: 3}
      propertyPath: m_LocalEulerAnglesHint.z
      value: 0
      objectReference: {fileID: 0}
    - target: {fileID: 7350438821189326634, guid: 099b6cf521b46ff4aa08453fa84f4eef, type: 3}
      propertyPath: m_Name
      value: Player
      objectReference: {fileID: 0}
    - target: {fileID: 7350438821189326639, guid: 099b6cf521b46ff4aa08453fa84f4eef, type: 3}
      propertyPath: airSound
      value: 
      objectReference: {fileID: 8300000, guid: 1386ab52c86fd44f0ad2753423261572, type: 3}
    - target: {fileID: 7350438821189326639, guid: 099b6cf521b46ff4aa08453fa84f4eef, type: 3}
      propertyPath: fireSound
      value: 
      objectReference: {fileID: 8300000, guid: 69a8ce137633e4ed79484e72bdcd0d5a, type: 3}
    - target: {fileID: 7350438821189326639, guid: 099b6cf521b46ff4aa08453fa84f4eef, type: 3}
      propertyPath: earthSound
      value: 
      objectReference: {fileID: 8300000, guid: e0cad9e45a20f40b6ae86ca11bda5a5f, type: 3}
    - target: {fileID: 7350438821189326639, guid: 099b6cf521b46ff4aa08453fa84f4eef, type: 3}
      propertyPath: highlight0
      value: 
      objectReference: {fileID: 773260084}
    - target: {fileID: 7350438821189326639, guid: 099b6cf521b46ff4aa08453fa84f4eef, type: 3}
      propertyPath: highlight1
      value: 
      objectReference: {fileID: 1796052977}
    - target: {fileID: 7350438821189326639, guid: 099b6cf521b46ff4aa08453fa84f4eef, type: 3}
      propertyPath: highlight2
      value: 
      objectReference: {fileID: 268675936}
    - target: {fileID: 7350438821189326639, guid: 099b6cf521b46ff4aa08453fa84f4eef, type: 3}
      propertyPath: air_count_display
      value: 
      objectReference: {fileID: 2071972672}
    - target: {fileID: 7350438821189326639, guid: 099b6cf521b46ff4aa08453fa84f4eef, type: 3}
      propertyPath: fire_count_display
      value: 
      objectReference: {fileID: 44691994}
    - target: {fileID: 7350438821189326639, guid: 099b6cf521b46ff4aa08453fa84f4eef, type: 3}
      propertyPath: earth_count_display
      value: 
      objectReference: {fileID: 1640424130}
    m_RemovedComponents: []
  m_SourcePrefab: {fileID: 100100000, guid: 099b6cf521b46ff4aa08453fa84f4eef, type: 3}
--- !u!1 &1062137217
GameObject:
  m_ObjectHideFlags: 0
  m_CorrespondingSourceObject: {fileID: 0}
  m_PrefabInstance: {fileID: 0}
  m_PrefabAsset: {fileID: 0}
  serializedVersion: 6
  m_Component:
  - component: {fileID: 1062137218}
  - component: {fileID: 1062137219}
  m_Layer: 0
  m_Name: earthBack (2)
  m_TagString: Untagged
  m_Icon: {fileID: 0}
  m_NavMeshLayer: 0
  m_StaticEditorFlags: 0
  m_IsActive: 1
--- !u!4 &1062137218
Transform:
  m_ObjectHideFlags: 0
  m_CorrespondingSourceObject: {fileID: 0}
  m_PrefabInstance: {fileID: 0}
  m_PrefabAsset: {fileID: 0}
  m_GameObject: {fileID: 1062137217}
  m_LocalRotation: {x: -0, y: -0, z: -0, w: 1}
  m_LocalPosition: {x: 16.9, y: -0.67, z: 10}
  m_LocalScale: {x: 17.39, y: 14.7, z: 1}
  m_Children: []
  m_Father: {fileID: 805696880}
  m_RootOrder: 1
  m_LocalEulerAnglesHint: {x: 0, y: 0, z: 0}
--- !u!212 &1062137219
SpriteRenderer:
  m_ObjectHideFlags: 0
  m_CorrespondingSourceObject: {fileID: 0}
  m_PrefabInstance: {fileID: 0}
  m_PrefabAsset: {fileID: 0}
  m_GameObject: {fileID: 1062137217}
  m_Enabled: 1
  m_CastShadows: 0
  m_ReceiveShadows: 0
  m_DynamicOccludee: 1
  m_MotionVectors: 1
  m_LightProbeUsage: 1
  m_ReflectionProbeUsage: 1
  m_RayTracingMode: 0
  m_RayTraceProcedural: 0
  m_RenderingLayerMask: 1
  m_RendererPriority: 0
  m_Materials:
  - {fileID: 10754, guid: 0000000000000000f000000000000000, type: 0}
  m_StaticBatchInfo:
    firstSubMesh: 0
    subMeshCount: 0
  m_StaticBatchRoot: {fileID: 0}
  m_ProbeAnchor: {fileID: 0}
  m_LightProbeVolumeOverride: {fileID: 0}
  m_ScaleInLightmap: 1
  m_ReceiveGI: 1
  m_PreserveUVs: 0
  m_IgnoreNormalsForChartDetection: 0
  m_ImportantGI: 0
  m_StitchLightmapSeams: 1
  m_SelectedEditorRenderState: 0
  m_MinimumChartSize: 4
  m_AutoUVMaxDistance: 0.5
  m_AutoUVMaxAngle: 89
  m_LightmapParameters: {fileID: 0}
  m_SortingLayerID: 0
  m_SortingLayer: 0
  m_SortingOrder: -1
  m_Sprite: {fileID: 21300000, guid: 84e51b05707176047b2d2c644c5cece2, type: 3}
  m_Color: {r: 0.764151, g: 0.7533375, b: 0.7533375, a: 1}
  m_FlipX: 0
  m_FlipY: 0
  m_DrawMode: 0
  m_Size: {x: 5.12, y: 1.28}
  m_AdaptiveModeThreshold: 0.5
  m_SpriteTileMode: 0
  m_WasSpriteAssigned: 1
  m_MaskInteraction: 0
  m_SpriteSortPoint: 0
--- !u!1 &1479605455
GameObject:
  m_ObjectHideFlags: 0
  m_CorrespondingSourceObject: {fileID: 0}
  m_PrefabInstance: {fileID: 0}
  m_PrefabAsset: {fileID: 0}
  serializedVersion: 6
  m_Component:
  - component: {fileID: 1479605457}
  - component: {fileID: 1479605456}
  m_Layer: 0
  m_Name: CM vcam1
  m_TagString: Untagged
  m_Icon: {fileID: 0}
  m_NavMeshLayer: 0
  m_StaticEditorFlags: 0
  m_IsActive: 1
--- !u!114 &1479605456
MonoBehaviour:
  m_ObjectHideFlags: 0
  m_CorrespondingSourceObject: {fileID: 0}
  m_PrefabInstance: {fileID: 0}
  m_PrefabAsset: {fileID: 0}
  m_GameObject: {fileID: 1479605455}
  m_Enabled: 1
  m_EditorHideFlags: 0
  m_Script: {fileID: 11500000, guid: 45e653bab7fb20e499bda25e1b646fea, type: 3}
  m_Name: 
  m_EditorClassIdentifier: 
  m_ExcludedPropertiesInInspector:
  - m_Script
  m_LockStageInInspector: 
  m_StreamingVersion: 20170927
  m_Priority: 10
  m_StandbyUpdate: 2
  m_LookAt: {fileID: 0}
  m_Follow: {fileID: 432638246}
  m_Lens:
    FieldOfView: 60
    OrthographicSize: 120
    NearClipPlane: 0.3
    FarClipPlane: 1000
    Dutch: 0
    LensShift: {x: 0, y: 0}
  m_Transitions:
    m_BlendHint: 0
    m_InheritPosition: 0
    m_OnCameraLive:
      m_PersistentCalls:
        m_Calls: []
  m_LegacyBlendHint: 0
  m_ComponentOwner: {fileID: 1998247976}
--- !u!4 &1479605457
Transform:
  m_ObjectHideFlags: 0
  m_CorrespondingSourceObject: {fileID: 0}
  m_PrefabInstance: {fileID: 0}
  m_PrefabAsset: {fileID: 0}
  m_GameObject: {fileID: 1479605455}
  m_LocalRotation: {x: -0, y: -0, z: -0, w: 1}
  m_LocalPosition: {x: 0, y: 0, z: 0}
  m_LocalScale: {x: 0.10808823, y: 0.07229822, z: 1}
  m_Children:
  - {fileID: 1998247976}
  m_Father: {fileID: 805696880}
  m_RootOrder: 0
  m_LocalEulerAnglesHint: {x: 0, y: 0, z: 0}
--- !u!114 &1640424130 stripped
MonoBehaviour:
  m_CorrespondingSourceObject: {fileID: 1989248512097478643, guid: 40a8261b76d1f2f4c885e8b785eee935, type: 3}
  m_PrefabInstance: {fileID: 1997733146}
  m_PrefabAsset: {fileID: 0}
  m_GameObject: {fileID: 0}
  m_Enabled: 1
  m_EditorHideFlags: 0
  m_Script: {fileID: 11500000, guid: 5f7201a12d95ffc409449d95f23cf332, type: 3}
  m_Name: 
  m_EditorClassIdentifier: 
--- !u!1001 &1765774596
PrefabInstance:
  m_ObjectHideFlags: 0
  serializedVersion: 2
  m_Modification:
    m_TransformParent: {fileID: 0}
    m_Modifications:
    - target: {fileID: 1279627858563803909, guid: 7d805766baeef1441bbf15f661ec7a54, type: 3}
      propertyPath: element
      value: 1
      objectReference: {fileID: 0}
    - target: {fileID: 3237502430894134170, guid: 7d805766baeef1441bbf15f661ec7a54, type: 3}
      propertyPath: m_Name
      value: EarthShrine
      objectReference: {fileID: 0}
    - target: {fileID: 4619244424921286004, guid: 7d805766baeef1441bbf15f661ec7a54, type: 3}
      propertyPath: m_RootOrder
      value: 2
      objectReference: {fileID: 0}
    - target: {fileID: 4619244424921286004, guid: 7d805766baeef1441bbf15f661ec7a54, type: 3}
      propertyPath: m_LocalPosition.y
      value: 82.3
      objectReference: {fileID: 0}
    - target: {fileID: 4619244424921286004, guid: 7d805766baeef1441bbf15f661ec7a54, type: 3}
      propertyPath: m_LocalRotation.w
      value: 1
      objectReference: {fileID: 0}
    - target: {fileID: 4619244424921286004, guid: 7d805766baeef1441bbf15f661ec7a54, type: 3}
      propertyPath: m_LocalRotation.x
      value: 0
      objectReference: {fileID: 0}
    - target: {fileID: 4619244424921286004, guid: 7d805766baeef1441bbf15f661ec7a54, type: 3}
      propertyPath: m_LocalRotation.y
      value: 0
      objectReference: {fileID: 0}
    - target: {fileID: 4619244424921286004, guid: 7d805766baeef1441bbf15f661ec7a54, type: 3}
      propertyPath: m_LocalRotation.z
      value: 0
      objectReference: {fileID: 0}
    - target: {fileID: 7338401623723939334, guid: 7d805766baeef1441bbf15f661ec7a54, type: 3}
      propertyPath: m_Sprite
      value: 
      objectReference: {fileID: 21300000, guid: b34a4952f5486a3439b2954723195b6f, type: 3}
    - target: {fileID: 7338401623723939334, guid: 7d805766baeef1441bbf15f661ec7a54, type: 3}
      propertyPath: m_SortingOrder
      value: 1
      objectReference: {fileID: 0}
    m_RemovedComponents: []
  m_SourcePrefab: {fileID: 100100000, guid: 7d805766baeef1441bbf15f661ec7a54, type: 3}
--- !u!114 &1796052977 stripped
MonoBehaviour:
  m_CorrespondingSourceObject: {fileID: 1989248511534778020, guid: 40a8261b76d1f2f4c885e8b785eee935, type: 3}
  m_PrefabInstance: {fileID: 1997733146}
  m_PrefabAsset: {fileID: 0}
  m_GameObject: {fileID: 0}
  m_Enabled: 1
  m_EditorHideFlags: 0
  m_Script: {fileID: 11500000, guid: fe87c0e1cc204ed48ad3b37840f39efc, type: 3}
  m_Name: 
  m_EditorClassIdentifier: 
--- !u!1001 &1997733146
PrefabInstance:
  m_ObjectHideFlags: 0
  serializedVersion: 2
  m_Modification:
    m_TransformParent: {fileID: 0}
    m_Modifications:
    - target: {fileID: 1989248511656541284, guid: 40a8261b76d1f2f4c885e8b785eee935, type: 3}
      propertyPath: m_Pivot.x
      value: 0
      objectReference: {fileID: 0}
    - target: {fileID: 1989248511656541284, guid: 40a8261b76d1f2f4c885e8b785eee935, type: 3}
      propertyPath: m_Pivot.y
      value: 0
      objectReference: {fileID: 0}
    - target: {fileID: 1989248511656541284, guid: 40a8261b76d1f2f4c885e8b785eee935, type: 3}
      propertyPath: m_RootOrder
      value: 13
      objectReference: {fileID: 0}
    - target: {fileID: 1989248511656541284, guid: 40a8261b76d1f2f4c885e8b785eee935, type: 3}
      propertyPath: m_AnchorMax.x
      value: 0
      objectReference: {fileID: 0}
    - target: {fileID: 1989248511656541284, guid: 40a8261b76d1f2f4c885e8b785eee935, type: 3}
      propertyPath: m_AnchorMax.y
      value: 0
      objectReference: {fileID: 0}
    - target: {fileID: 1989248511656541284, guid: 40a8261b76d1f2f4c885e8b785eee935, type: 3}
      propertyPath: m_AnchorMin.x
      value: 0
      objectReference: {fileID: 0}
    - target: {fileID: 1989248511656541284, guid: 40a8261b76d1f2f4c885e8b785eee935, type: 3}
      propertyPath: m_AnchorMin.y
      value: 0
      objectReference: {fileID: 0}
    - target: {fileID: 1989248511656541284, guid: 40a8261b76d1f2f4c885e8b785eee935, type: 3}
      propertyPath: m_SizeDelta.x
      value: 0
      objectReference: {fileID: 0}
    - target: {fileID: 1989248511656541284, guid: 40a8261b76d1f2f4c885e8b785eee935, type: 3}
      propertyPath: m_SizeDelta.y
      value: 0
      objectReference: {fileID: 0}
    - target: {fileID: 1989248511656541284, guid: 40a8261b76d1f2f4c885e8b785eee935, type: 3}
      propertyPath: m_LocalPosition.x
      value: 0
      objectReference: {fileID: 0}
    - target: {fileID: 1989248511656541284, guid: 40a8261b76d1f2f4c885e8b785eee935, type: 3}
      propertyPath: m_LocalPosition.y
      value: 0
      objectReference: {fileID: 0}
    - target: {fileID: 1989248511656541284, guid: 40a8261b76d1f2f4c885e8b785eee935, type: 3}
      propertyPath: m_LocalPosition.z
      value: 0
      objectReference: {fileID: 0}
    - target: {fileID: 1989248511656541284, guid: 40a8261b76d1f2f4c885e8b785eee935, type: 3}
      propertyPath: m_LocalRotation.w
      value: 1
      objectReference: {fileID: 0}
    - target: {fileID: 1989248511656541284, guid: 40a8261b76d1f2f4c885e8b785eee935, type: 3}
      propertyPath: m_LocalRotation.x
      value: 0
      objectReference: {fileID: 0}
    - target: {fileID: 1989248511656541284, guid: 40a8261b76d1f2f4c885e8b785eee935, type: 3}
      propertyPath: m_LocalRotation.y
      value: 0
      objectReference: {fileID: 0}
    - target: {fileID: 1989248511656541284, guid: 40a8261b76d1f2f4c885e8b785eee935, type: 3}
      propertyPath: m_LocalRotation.z
      value: 0
      objectReference: {fileID: 0}
    - target: {fileID: 1989248511656541284, guid: 40a8261b76d1f2f4c885e8b785eee935, type: 3}
      propertyPath: m_AnchoredPosition.x
      value: 0
      objectReference: {fileID: 0}
    - target: {fileID: 1989248511656541284, guid: 40a8261b76d1f2f4c885e8b785eee935, type: 3}
      propertyPath: m_AnchoredPosition.y
      value: 0
      objectReference: {fileID: 0}
    - target: {fileID: 1989248511656541284, guid: 40a8261b76d1f2f4c885e8b785eee935, type: 3}
      propertyPath: m_LocalEulerAnglesHint.x
      value: 0
      objectReference: {fileID: 0}
    - target: {fileID: 1989248511656541284, guid: 40a8261b76d1f2f4c885e8b785eee935, type: 3}
      propertyPath: m_LocalEulerAnglesHint.y
      value: 0
      objectReference: {fileID: 0}
    - target: {fileID: 1989248511656541284, guid: 40a8261b76d1f2f4c885e8b785eee935, type: 3}
      propertyPath: m_LocalEulerAnglesHint.z
      value: 0
      objectReference: {fileID: 0}
    - target: {fileID: 1989248511656541288, guid: 40a8261b76d1f2f4c885e8b785eee935, type: 3}
      propertyPath: m_Name
      value: Canvas
      objectReference: {fileID: 0}
    m_RemovedComponents: []
  m_SourcePrefab: {fileID: 100100000, guid: 40a8261b76d1f2f4c885e8b785eee935, type: 3}
--- !u!1 &1998247975
GameObject:
  m_ObjectHideFlags: 3
  m_CorrespondingSourceObject: {fileID: 0}
  m_PrefabInstance: {fileID: 0}
  m_PrefabAsset: {fileID: 0}
  serializedVersion: 6
  m_Component:
  - component: {fileID: 1998247976}
  - component: {fileID: 1998247979}
  - component: {fileID: 1998247978}
  - component: {fileID: 1998247977}
  m_Layer: 0
  m_Name: cm
  m_TagString: Untagged
  m_Icon: {fileID: 0}
  m_NavMeshLayer: 0
  m_StaticEditorFlags: 0
  m_IsActive: 1
--- !u!4 &1998247976
Transform:
  m_ObjectHideFlags: 3
  m_CorrespondingSourceObject: {fileID: 0}
  m_PrefabInstance: {fileID: 0}
  m_PrefabAsset: {fileID: 0}
  m_GameObject: {fileID: 1998247975}
  m_LocalRotation: {x: -0, y: -0, z: -0, w: 1}
  m_LocalPosition: {x: -213.47209, y: -169.33667, z: 456.30405}
  m_LocalScale: {x: 1, y: 1, z: 1}
  m_Children: []
  m_Father: {fileID: 1479605457}
  m_RootOrder: 0
  m_LocalEulerAnglesHint: {x: 0, y: 0, z: 0}
--- !u!114 &1998247977
MonoBehaviour:
  m_ObjectHideFlags: 3
  m_CorrespondingSourceObject: {fileID: 0}
  m_PrefabInstance: {fileID: 0}
  m_PrefabAsset: {fileID: 0}
  m_GameObject: {fileID: 1998247975}
  m_Enabled: 1
  m_EditorHideFlags: 0
  m_Script: {fileID: 11500000, guid: fa7155796051b734daa718462081dc5f, type: 3}
  m_Name: 
  m_EditorClassIdentifier: 
  m_BindingMode: 1
  m_FollowOffset: {x: 0, y: 40, z: -10}
  m_XDamping: 0
  m_YDamping: 0
  m_ZDamping: 0
  m_AngularDampingMode: 0
  m_PitchDamping: 0
  m_YawDamping: 0
  m_RollDamping: 0
  m_AngularDamping: 0
--- !u!114 &1998247978
MonoBehaviour:
  m_ObjectHideFlags: 3
  m_CorrespondingSourceObject: {fileID: 0}
  m_PrefabInstance: {fileID: 0}
  m_PrefabAsset: {fileID: 0}
  m_GameObject: {fileID: 1998247975}
  m_Enabled: 1
  m_EditorHideFlags: 0
  m_Script: {fileID: 11500000, guid: f4044717213e31446939f7bd49c896ea, type: 3}
  m_Name: 
  m_EditorClassIdentifier: 
  m_TrackedObjectOffset: {x: 0, y: 0, z: 0}
  m_LookaheadTime: 0
  m_LookaheadSmoothing: 0
  m_LookaheadIgnoreY: 0
  m_HorizontalDamping: 0.5
  m_VerticalDamping: 0.5
  m_ScreenX: 0.5
  m_ScreenY: 0.5
  m_DeadZoneWidth: 0
  m_DeadZoneHeight: 0
  m_SoftZoneWidth: 0.8
  m_SoftZoneHeight: 0.8
  m_BiasX: 0
  m_BiasY: 0
  m_CenterOnActivate: 1
--- !u!114 &1998247979
MonoBehaviour:
  m_ObjectHideFlags: 3
  m_CorrespondingSourceObject: {fileID: 0}
  m_PrefabInstance: {fileID: 0}
  m_PrefabAsset: {fileID: 0}
  m_GameObject: {fileID: 1998247975}
  m_Enabled: 1
  m_EditorHideFlags: 0
  m_Script: {fileID: 11500000, guid: ac0b09e7857660247b1477e93731de29, type: 3}
  m_Name: 
  m_EditorClassIdentifier: 
--- !u!114 &2071972672 stripped
MonoBehaviour:
  m_CorrespondingSourceObject: {fileID: 1989248511099322330, guid: 40a8261b76d1f2f4c885e8b785eee935, type: 3}
  m_PrefabInstance: {fileID: 1997733146}
  m_PrefabAsset: {fileID: 0}
  m_GameObject: {fileID: 0}
  m_Enabled: 1
  m_EditorHideFlags: 0
  m_Script: {fileID: 11500000, guid: 5f7201a12d95ffc409449d95f23cf332, type: 3}
  m_Name: 
  m_EditorClassIdentifier: 
--- !u!1001 &1281437231231814757
PrefabInstance:
  m_ObjectHideFlags: 0
  serializedVersion: 2
  m_Modification:
    m_TransformParent: {fileID: 0}
    m_Modifications:
    - target: {fileID: 1281437231827826776, guid: 3cdb78d65a3fb456a9256a81e57e71db, type: 3}
      propertyPath: m_RootOrder
      value: 0
      objectReference: {fileID: 0}
    - target: {fileID: 1281437231827826776, guid: 3cdb78d65a3fb456a9256a81e57e71db, type: 3}
      propertyPath: m_LocalPosition.x
      value: 189.87697
      objectReference: {fileID: 0}
    - target: {fileID: 1281437231827826776, guid: 3cdb78d65a3fb456a9256a81e57e71db, type: 3}
      propertyPath: m_LocalPosition.y
      value: 63.944515
      objectReference: {fileID: 0}
    - target: {fileID: 1281437231827826776, guid: 3cdb78d65a3fb456a9256a81e57e71db, type: 3}
      propertyPath: m_LocalPosition.z
      value: -703.8758
      objectReference: {fileID: 0}
    - target: {fileID: 1281437231827826776, guid: 3cdb78d65a3fb456a9256a81e57e71db, type: 3}
      propertyPath: m_LocalRotation.w
      value: 1
      objectReference: {fileID: 0}
    - target: {fileID: 1281437231827826776, guid: 3cdb78d65a3fb456a9256a81e57e71db, type: 3}
      propertyPath: m_LocalRotation.x
      value: 0
      objectReference: {fileID: 0}
    - target: {fileID: 1281437231827826776, guid: 3cdb78d65a3fb456a9256a81e57e71db, type: 3}
      propertyPath: m_LocalRotation.y
      value: 0
      objectReference: {fileID: 0}
    - target: {fileID: 1281437231827826776, guid: 3cdb78d65a3fb456a9256a81e57e71db, type: 3}
      propertyPath: m_LocalRotation.z
      value: 0
      objectReference: {fileID: 0}
    - target: {fileID: 1281437231827826776, guid: 3cdb78d65a3fb456a9256a81e57e71db, type: 3}
      propertyPath: m_LocalEulerAnglesHint.x
      value: 0
      objectReference: {fileID: 0}
    - target: {fileID: 1281437231827826776, guid: 3cdb78d65a3fb456a9256a81e57e71db, type: 3}
      propertyPath: m_LocalEulerAnglesHint.y
      value: 0
      objectReference: {fileID: 0}
    - target: {fileID: 1281437231827826776, guid: 3cdb78d65a3fb456a9256a81e57e71db, type: 3}
      propertyPath: m_LocalEulerAnglesHint.z
      value: 0
      objectReference: {fileID: 0}
    - target: {fileID: 1281437231827826782, guid: 3cdb78d65a3fb456a9256a81e57e71db, type: 3}
      propertyPath: m_Name
      value: Main
      objectReference: {fileID: 0}
    m_RemovedComponents: []
  m_SourcePrefab: {fileID: 100100000, guid: 3cdb78d65a3fb456a9256a81e57e71db, type: 3}
--- !u!1001 &2115661468316535636
PrefabInstance:
  m_ObjectHideFlags: 0
  serializedVersion: 2
  m_Modification:
    m_TransformParent: {fileID: 0}
    m_Modifications:
    - target: {fileID: 2115661466551245478, guid: 1861bbdf2238840dd9bb3f13e29bbb7a, type: 3}
      propertyPath: m_RootOrder
      value: 11
      objectReference: {fileID: 0}
    - target: {fileID: 2115661466551245478, guid: 1861bbdf2238840dd9bb3f13e29bbb7a, type: 3}
      propertyPath: m_LocalPosition.x
      value: 111.3
      objectReference: {fileID: 0}
    - target: {fileID: 2115661466551245478, guid: 1861bbdf2238840dd9bb3f13e29bbb7a, type: 3}
      propertyPath: m_LocalPosition.y
      value: 109.9
      objectReference: {fileID: 0}
    - target: {fileID: 2115661466551245478, guid: 1861bbdf2238840dd9bb3f13e29bbb7a, type: 3}
      propertyPath: m_LocalPosition.z
      value: 0
      objectReference: {fileID: 0}
    - target: {fileID: 2115661466551245478, guid: 1861bbdf2238840dd9bb3f13e29bbb7a, type: 3}
      propertyPath: m_LocalRotation.w
      value: 1
      objectReference: {fileID: 0}
    - target: {fileID: 2115661466551245478, guid: 1861bbdf2238840dd9bb3f13e29bbb7a, type: 3}
      propertyPath: m_LocalRotation.x
      value: 0
      objectReference: {fileID: 0}
    - target: {fileID: 2115661466551245478, guid: 1861bbdf2238840dd9bb3f13e29bbb7a, type: 3}
      propertyPath: m_LocalRotation.y
      value: 0
      objectReference: {fileID: 0}
    - target: {fileID: 2115661466551245478, guid: 1861bbdf2238840dd9bb3f13e29bbb7a, type: 3}
      propertyPath: m_LocalRotation.z
      value: 0
      objectReference: {fileID: 0}
    - target: {fileID: 2115661466551245478, guid: 1861bbdf2238840dd9bb3f13e29bbb7a, type: 3}
      propertyPath: m_LocalEulerAnglesHint.x
      value: 0
      objectReference: {fileID: 0}
    - target: {fileID: 2115661466551245478, guid: 1861bbdf2238840dd9bb3f13e29bbb7a, type: 3}
      propertyPath: m_LocalEulerAnglesHint.y
      value: 0
      objectReference: {fileID: 0}
    - target: {fileID: 2115661466551245478, guid: 1861bbdf2238840dd9bb3f13e29bbb7a, type: 3}
      propertyPath: m_LocalEulerAnglesHint.z
      value: 0
      objectReference: {fileID: 0}
    - target: {fileID: 2115661466551245499, guid: 1861bbdf2238840dd9bb3f13e29bbb7a, type: 3}
      propertyPath: m_Name
      value: ice
      objectReference: {fileID: 0}
    m_RemovedComponents: []
  m_SourcePrefab: {fileID: 100100000, guid: 1861bbdf2238840dd9bb3f13e29bbb7a, type: 3}
--- !u!1001 &2788656503199390755
PrefabInstance:
  m_ObjectHideFlags: 0
  serializedVersion: 2
  m_Modification:
    m_TransformParent: {fileID: 0}
    m_Modifications:
    - target: {fileID: 2469903667326653312, guid: 0fcf1553db13bb54fb8e17f7ee2757d9, type: 3}
      propertyPath: m_RootOrder
      value: 8
      objectReference: {fileID: 0}
    - target: {fileID: 2469903667326653312, guid: 0fcf1553db13bb54fb8e17f7ee2757d9, type: 3}
      propertyPath: m_LocalPosition.x
      value: 393.5
      objectReference: {fileID: 0}
    - target: {fileID: 2469903667326653312, guid: 0fcf1553db13bb54fb8e17f7ee2757d9, type: 3}
      propertyPath: m_LocalPosition.y
      value: 107.8
      objectReference: {fileID: 0}
    - target: {fileID: 2469903667326653312, guid: 0fcf1553db13bb54fb8e17f7ee2757d9, type: 3}
      propertyPath: m_LocalPosition.z
      value: 0
      objectReference: {fileID: 0}
    - target: {fileID: 2469903667326653312, guid: 0fcf1553db13bb54fb8e17f7ee2757d9, type: 3}
      propertyPath: m_LocalRotation.w
      value: 1
      objectReference: {fileID: 0}
    - target: {fileID: 2469903667326653312, guid: 0fcf1553db13bb54fb8e17f7ee2757d9, type: 3}
      propertyPath: m_LocalRotation.x
      value: 0
      objectReference: {fileID: 0}
    - target: {fileID: 2469903667326653312, guid: 0fcf1553db13bb54fb8e17f7ee2757d9, type: 3}
      propertyPath: m_LocalRotation.y
      value: 0
      objectReference: {fileID: 0}
    - target: {fileID: 2469903667326653312, guid: 0fcf1553db13bb54fb8e17f7ee2757d9, type: 3}
      propertyPath: m_LocalRotation.z
      value: 0
      objectReference: {fileID: 0}
    - target: {fileID: 2469903667326653312, guid: 0fcf1553db13bb54fb8e17f7ee2757d9, type: 3}
      propertyPath: m_LocalEulerAnglesHint.x
      value: 0
      objectReference: {fileID: 0}
    - target: {fileID: 2469903667326653312, guid: 0fcf1553db13bb54fb8e17f7ee2757d9, type: 3}
      propertyPath: m_LocalEulerAnglesHint.y
      value: 0
      objectReference: {fileID: 0}
    - target: {fileID: 2469903667326653312, guid: 0fcf1553db13bb54fb8e17f7ee2757d9, type: 3}
      propertyPath: m_LocalEulerAnglesHint.z
      value: 0
      objectReference: {fileID: 0}
    - target: {fileID: 5539927937200620068, guid: 0fcf1553db13bb54fb8e17f7ee2757d9, type: 3}
      propertyPath: m_SortingOrder
      value: 4
      objectReference: {fileID: 0}
    - target: {fileID: 8039063499300243635, guid: 0fcf1553db13bb54fb8e17f7ee2757d9, type: 3}
      propertyPath: m_Name
      value: portal
      objectReference: {fileID: 0}
    - target: {fileID: 9127415008620406609, guid: 0fcf1553db13bb54fb8e17f7ee2757d9, type: 3}
      propertyPath: levelToLoad
      value: AirLevel1
      objectReference: {fileID: 0}
    m_RemovedComponents: []
  m_SourcePrefab: {fileID: 100100000, guid: 0fcf1553db13bb54fb8e17f7ee2757d9, type: 3}
